<?xml version="1.0" encoding="UTF-8"?><collection xmlns="http://www.loc.gov/MARC21/slim"><record><leader>00468nam--2200133-i-4500</leader><controlfield tag="001">000012265</controlfield><controlfield tag="002">20161230</controlfield><controlfield tag="005">20161230201029</controlfield><controlfield tag="008">060222s1000------------r-----000-0-eng-d</controlfield><datafield ind1=" " ind2=" " tag="080"><subfield code="a">621.039.577(061.3)</subfield></datafield><datafield ind1=" " ind2=" " tag="100"><subfield code="a">Brian, J. S.A</subfield></datafield><datafield ind1=" " ind2=" " tag="245"><subfield code="a">Proceedings of a symposium on energy produc tion and thermal effects  held the oak brook hyatt house, oak brook illinois, september lo and ll, 1973</subfield></datafield><datafield ind1=" " ind2=" " tag="490"><subfield code="a">Milwaukee, Limnetics, Inforporated, 1978 Iv + 190 P</subfield></datafield><datafield ind1=" " ind2=" " tag="852"><subfield code="a">45170</subfield></datafield></record></collection>